@INPROCEEDINGS{nondex, 
author={Shi, August and Gyori, Alex and Legunsen, Owolabi and Marinov, Darko}, 
booktitle={2016 IEEE International Conference on Software Testing, Verification and Validation (ICST)}, 
title={Detecting Assumptions on Deterministic Implementations of Non-deterministic Specifications}, 
year={2016}, 
volume={}, 
number={}, 
pages={80-90}, 
keywords={formal specification;Java;program testing;public domain software;virtual machines;deterministic implementations;nondeterministic specifications;ADINS code;flaky tests;NONDEX;Java standard library;Java virtual machine;GitHub;open-source projects;Java;Open source software;Libraries;Standards;Education;Computer bugs;Regression Testing;Flaky Tests;Specification}, 
doi={10.1109/ICST.2016.40}, 
ISSN={}, 
month={April},}

@inproceedings{deflaker,
	author = {Bell, Jonathan and Legunsen, Owolabi and Hilton, Michael and Eloussi, Lamyaa and Yung, Tifany and Marinov, Darko},
	title = {DeFlaker: Automatically Detecting Flaky Tests},
	booktitle = {Proceedings of the 40th International Conference on Software Engineering},
	series = {ICSE '18},
	year = {2018},
	isbn = {978-1-4503-5638-1},
	location = {Gothenburg, Sweden},
	pages = {433--444},
	numpages = {12},
	url = {http://doi.acm.org/10.1145/3180155.3180164},
	doi = {10.1145/3180155.3180164},
	acmid = {3180164},
	publisher = {ACM},
	address = {New York, NY, USA},
	keywords = {code coverage, flaky tests, software testing},
} 

@inproceedings{randoop,
    author = {Pacheco, Carlos and Ernst, Michael D.},
    title = {Randoop: Feedback-directed Random Testing for Java},
    booktitle = {Companion to the 22Nd ACM SIGPLAN Conference on Object-oriented Programming Systems and Applications Companion},
    series = {OOPSLA '07},
    year = {2007},
    isbn = {978-1-59593-865-7},
    location = {Montreal, Quebec, Canada},
    pages = {815--816},
    numpages = {2},
    url = {http://doi.acm.org/10.1145/1297846.1297902},
    doi = {10.1145/1297846.1297902},
    acmid = {1297902},
    publisher = {ACM},
    address = {New York, NY, USA},
    keywords = {Java, automatic test generation, random testing},
} 

@misc{randoop-tool,
    author = {Pacheco, Carlos and Ernst, Michael D.},
    year = {2007},
    howpublished = "\url{https://github.com/randoop/randoop}"
}

@misc{nondex-tool,
    author = {Shi, August and Gyori, Alex and Legunsen, Owolabi and Marinov, Darko},
    year = {2016},
    howpublished = "\url{https://github.com/TestingResearchIllinois/NonDex}"
}
